%%






@article{agacy1999,
    author   = {Agacy, R.L.},
    title    = {Generalized Kronecker and permanent deltas, their spinor and tensor equivalents and applications},
    journal  = {Journal of Mathematical Physics},
    volume   = {40},
    issue    = {4},
    pages    = {2055-2063},
    numpages = {},
    year     = {1999},
    month    = {},
    publisher= {AIP},
    doi      = {10.1063/1.532851},
}
@Book{Alexandrino-2015,
    author    = {Alexandrino, M. M. and Bettiol, R. G.},
    title     = {Lie Groups and Geometric Aspects of Isometric Actions},
    subtitle  = { },
    address   = {DE},
    publisher = {Springer},
    year      = {2015},
    pages     = {},
    edition   = {},
    doi       = {10.1007/978-3-319-16613-1},
    isbn      = {978-3-319-16613-1},
}



@article{aramaki-2014,
    author = {Aramaki, Junichi},
    title = {Lp Theory for the Div--Curl System},
    volume = {8},
    journal = {International Journal of Mathematical Analysis},
    number = {6},
    publisher = {},
    pages = {259-271},
    year = {2014},
    doi = {10.12988/ijma.2014.4112},
    URL = {},
}

@Book{arfken2012,
    author    = {Arfken, G. B.  and Weber, H. J.  and Harris, F. E. },
    title     = {Mathematical Methods for Physicists},
    subtitle  = {A Comprehensive Guide},
    address   = {US},
    publisher = {Academic Press},
    year      = {2012},
    pages     = {},
    edition   = {7},
    isbn      = {978-0-123-84654-9},
}




@Book{arnold-2001-ode,
    author    = {Arnold(阿诺尔德), V.I.   },
    title     = {常微分方程},
    subtitle  = {},
    address   = {北京},
    publisher = {科学出版社},
    year      = {2001},
    pages     = {},
    edition   = {},
    isbn      = {978-7-030-09080-5},
}

@Book{arnold-1992-ode-en,
    author    = {Arnold, Vladimir I.   },
    title     = {Ordinary Differential Equations},
    subtitle  = {},
    address   = {Berlin},
    publisher = {Springer-Verlag},
    year      = {1992},
    pages     = {},
    edition   = {3},
    isbn      = {978-3-540-54813-0},
}

@Book{arnold-1983-gm-ode-en,
    author    = {Arnold, Vladimir I.   },
    title     = {Geometrical Method in the theory of Ordinary Differential Equations},
    subtitle  = {},
    address   = {Berlin},
    publisher = {Springer-Verlag},
    year      = {1983},
    pages     = {},
    edition   = {2},
    isbn      = {978-0-387-96649-6},
}

@Book{arnold-2006-mmcm,
    author    = {Arnold(阿诺尔德), V.I.   },
    title     = {经典力学的数学方法},
    subtitle  = {},
    address   = {北京},
    publisher = {高等教育出版社},
    year      = {2006},
    pages     = {},
    edition   = {},
    isbn      = {978-7-040-18403-7},
}


@article{ADM_2008,
    author = {Arnowitt, Richard  and Deser, Stanley  and Misner, Charles W. },
    doi = {10.1007/s10714-008-0661-1},
%    url = {https://doi.org/10.1007%2Fs10714-008-0661-1},
    year = {2008} ,
    month = {8},
    publisher = {Springer Science and Business Media {LLC}    },
    volume = {40},
    number = {9},
    pages = {1997--2027},
    title = {The dynamics of general relativity},
    journal = {General Relativity and Gravitation},
}

@Book{baizg-2004-irg,
    author    = {白正国 and 沈一兵 and 水乃翔 and 郭孝英   },
    title     = {黎曼几何初步},
    subtitle  = {},
    address   = {北京},
    publisher = {高等教育出版社},
    year      = {2004},
    pages     = {},
    edition   = {2},
    isbn      = {978-7-040-16129-8},
}


@article{baker-2021,
    author = {Baker, Mark Robert  and Kiriushcheva, Natalia  and Kuzmin, Sergei },
    title = {Noether and Hilbert (metric) energy-momentum tensors are not, in general, equivalent},
    journal = {Nuclear Physics B},
    volume = {962},
    pages = {115240},
    year = {2021},
    issn = {0550-3213},
    doi = {10.1016/j.nuclphysb.2020.115240},
%    url = {https://www.sciencedirect.com/science/article/pii/S0550321320303254},
    eprint   = {2011.10611},
    archivePrefix = {arXiv},
    primaryClass  = {math-ph},
    abstract = {} ,
}

@Book{barut1964,
    author    = {Barut, A. O. },
    title     = {Electrodynamics and Classical Theory of Fields and Particles},
    address   = {US},
    publisher = {Dover Publications},
    year      = {1964},
    pages     = {},
    edition   = {},
    isbn      = {0-486-64038-8},
}


@Book{berger-1987,
    author    = {Berger, Marcel },
    title     = {Geometry I},
    address   = {DE},
    publisher = {Springer-Verlag},
    year      = {1987},
    pages     = {},
    edition   = {},
    isbn      = {978-3-540-11658-5},
    doi       = {},
}

 


@Book{besse-2008-EM,
    author    = {Besse, Arthur L. },
    title     = {Einstein Manifolds},
    address   = {DE},
    publisher = {Springer},
    year      = {2008},
    pages     = {},
    edition   = {},
    isbn      = {978-3-540-74120-6},
    doi       = {10.1007/978-3-540-74311-8},
}

@Book{bjorken_Drell1984,
    author    = {Bjorken, J.D.  and  Drell, S.D.},
    title     = {相对论量子力学},
    address   = {北京},
    publisher = {科学出版社},
    year      = {1984},
    pages     = {},
   	edition   = {},
    isbn      = {},
}


@article{Blaschke-2016,
    author = {Blaschke, Daniel N. and Gieres, François and Reboudb, Méril and Schweda, Manfred},
    title = {The energy–momentum tensor(s) in classical gauge theories},
    journal = {Nuclear Physics B},
    volume = {912},
    pages = {192-223},
    year = {2016},
    issn = {0550-3213},
    doi = {10.1016/j.nuclphysb.2016.07.001},
    eprint   = {1605.01121 },
    archivePrefix = {arXiv},
    primaryClass  = {hep-th},
}

@Book{bohm1954,
    author    = {Bohm},
    title     = {Quantum Theory},
    address   = {UK},
    publisher = {Constable and Company},
    year      = {1954},
    pages     = {},
    edition   = {},
    isbn      = {},
}

@article{brewin_2009,
    doi = {10.1088/0264-9381/26/17/175017},
    year = {2009},
    publisher = {IOP Publishing},
    volume = {26},
    number = {17},
    pages = {175017},
    author = {Brewin,Leo},
    title = {Riemann normal coordinate expansions using Cadabra},
    journal = {Classical and Quantum Gravity},
%    eprint   = {0903.2087},
%    archivePrefix = {arXiv},
%    primaryClass  = {phys.gr-qc},
}

@Book{carmeli-rl1976,
    author    = {Carmeli, Moshe  },
    title     = {Representations of the Rotation and Lorentz groups},
    address   = {US},
    publisher = { Marcel Dekker},
    year      = {1976},
    pages     = {},
    isbn      = {978-0-824-76449-4},
    edition   = {},
}

@Book{carmeli-1977,
    author    = {Carmeli, Moshe  },
    title     = {Group Theory and General Relativity},
    subtitle  = {Representations of the Lorentz Group and Their Applications to the Gravitational Field },
    address   = {US},
    publisher = { McGraw-Hill Inc.},
    year      = {1977},
    pages     = {},
    isbn      = {0-070-09986-3},
    edition   = {},
}



@Book{carroll-stg2019,
    author    = {Carroll, Sean M. },
    title     = {Spacetime and Geometry},
    address   = {US},
    publisher = {Cambridge University Press},
    year      = {2019},
    pages     = {},
    isbn      = {978-1-108-48839-6},
    edition   = {},
}


@Book{cartan-1964,
    author    = {Cartan, E. },
    title     = {黎曼几何学},
    subtitle  = {正交标架法},
    address   = {北京},
    publisher = {科学出版社},
    year      = {1964},
    pages     = {},
    isbn      = {},
    edition   = {},
}

@article{Chaichian-1983,
    author   = {Chaichian, M. and Demichev, A.P. and Nelipa, N.F.},
    title    = {The Casimir operators of inhomogeneous groups},
    journal  = {Commun. Math. Phys.},
    volume   = {90},
    issue    = {3},
    pages    = {353–372},
    numpages = {},
    year     = {1983},
    month    = {9},
    publisher= {},
    doi      = {10.1007/BF01206887},
}




@Book{chandrasekhar-1983,
    author    = {Chandrasekhar, Subrahmanyan },
    title     = {The Mathematical Theory of Black Holes},
    address   = {UK},
    publisher = {Oxford University Press},
    year      = {1983},
    pages     = {},
    isbn      = {978-0-198-51291-2},
    edition   = {},
}


@Book{chenbin2018,
    author    = {陈斌},
    title     = {广义相对论},
    address   = {北京},
    publisher = {北京大学出版社},
    year      = {2018},
    pages     = {},
    isbn      = {978-7-301-29716-2},
    edition   = {},
}


@Book{ccl1999-en,
    author    = {Chern, Shiing-Shen and Chen, W.-H.  and Lam, K. S. },
    title     = {Lectures on Differential Geometry},
    address   = {Beijing},
    publisher = {World Scientific Publishing Company},
    year      = {1999},
    pages     = {},
    isbn      = {978-7-506-27315-2},
    edition   = {2},
}

@Book{cc2001-zh,
    author    = {陈省身 and 陈维桓},
    title     = {微分几何讲义},
    address   = {北京},
    publisher = {北京大学出版社},
    year      = {2001},
    pages     = {},
    isbn      = {978-7-301-05151-1},
    edition   = {2},
}


@Book{chen-li-2023-2ed-v1,
    author    = {陈维桓 and 李兴校},
    title     = {黎曼几何引论（上）},
    address   = {北京},
    publisher = {北京大学出版社},
    year      = {2023},
    pages     = {},
    isbn      = {978-7-301-33438-6},
    edition   = {2},
}

@Book{chen-li-2025-2ed-v2,
    author    = {陈维桓 and 李兴校},
    title     = {黎曼几何引论（下）},
    address   = {北京},
    publisher = {北京大学出版社},
    year      = {2025},
    pages     = {},
    isbn      = {978-7-301-06794-9},
    edition   = {2},
}


@Book{chen-li-2002v1,
    author    = {陈维桓 and 李兴校},
    title     = {黎曼几何引论（上）},
    address   = {北京},
    publisher = {北京大学出版社},
    year      = {2002},
    pages     = {},
    isbn      = {978-7-301-05368-3},
    edition   = {},
}

@Book{chen-li-2004v2,
    author    = {陈维桓 and 李兴校},
    title     = {黎曼几何引论（下）},
    address   = {北京},
    publisher = {北京大学出版社},
    year      = {2004},
    pages     = {},
    isbn      = {978-7-301-06794-9},
    edition   = {},
}



@Book{chenwh2001,
    author    = {陈维桓},
    title     = {微分流形初步},
    address   = {北京},
    publisher = {高等教育出版社},
    year      = {2001},
    pages     = {},
    isbn      = {978-7-040-09921-8},
    edition   = {2},
}


@Book{chenwh2017,
    author    = {陈维桓},
    title     = {微分几何},
    address   = {北京},
    publisher = {北京大学出版社},
    year      = {2017},
    pages     = {},
    isbn      = {978-7-301-28654-8},
    edition   = {2},
}

@article{chen-feng1989-cn,
    author   = {陈强顺 and 冯承天  },
    title    = {电荷守恒定律可确定麦克斯韦方程组的数学形式},
    journal  = {同济大学学报},
    volume   = {17},
    issue    = {3},
    pages    = {395--400},
    numpages = {},
    year     = {1989},
    month    = {9},
    publisher= {},
    doi      = {},
}

@article{chen-yu1993-en,
    author   = {CHEN, Qiangshun and YU, Wenguang },
    title    = {The Mathematical Connection from the Conservation Law of Electric Charge and Maxwell's Equations},
    journal  = {Journal of Natural Science of HeiLongJiang University},
    volume   = {10},
    issue    = {S1},
    pages    = {33--38},
    numpages = {},
    year     = {1993},
    month    = {6},
    publisher= {},
    doi      = {},
    url      = {http://en.cnki.com.cn/Article_en/CJFDTotal-HLDZ1993S1009.htm},
}


@Book{chengjc2016,
    author    = {程建春},
    title     = {数学物理方程及其近似方法},
    address   = {北京},
    publisher = {科学出版社},
    year      = {2016},
    pages     = {},
    isbn      = {978-7-030-49144-2},
    edition   = {2},
}



@article{cheng-shkoller2017,
    author   = {Cheng, C. H. Arthur  and  Shkoller,Steve },
    title    = {Solvability and Regularity for an Elliptic System Prescribing the Curl, Divergence,
                and Partial Trace of a Vector Field on Sobolev-Class Domains},
    journal  = {Journal of Mathematical Fluid Mechanics},
    volume   = {19},
    issue    = {},
    pages    = {375--422},
    numpages = {0},
    year     = {2017},
    month    = {},
    publisher= {Springer International Publishing},
    doi      = {10.1007/s00021-016-0289-y},
}



@Book{Choquet-Bruhat-2009,
    author    = { Choquet-Bruhat,Yvonne},
    title     = {General Relativity and Einstein Equations},
    address   = {UK},
    publisher = {Oxford University Press},
    year      = {2009},
    pages     = {},
    isbn      = {978-0-199-23072-3},
    edition   = {},
}

@article{Chrusciel-2012-lrr,
    author   = {Chrusciel, P.T. and Costa, J.L. and Heusler, M. },
    title    = {Stationary Black Holes: Uniqueness and Beyond},
    journal  = { Living Reviews in Relativity},
    volume   = {15},
    issue    = {7},
    pages    = {},
    numpages = {0},
    year     = {2012},
    month    = {},
    publisher= {Springer International Publishing},
    doi      = {10.12942/lrr-2012-7},
}



@Book{courant_hilbert-v1,
    author    = {Courant, R. and Hilbert, D.},
    title     = {Methods of Mathematical Physics (Vol. I)},
    subtitle  = {},
    address   = {US},
    publisher = {Wiley-VCH},
    year      = {1989},
    isbn      = {978-0-471-50447-4},
    edition   = {},
}

@Book{courant_hilbert-v2,
    author    = {Courant, R. and Hilbert, D.},
    title     = {Methods of Mathematical Physics (Vol. II)},
    subtitle  = {},  %%Partial Differential Equations
    address   = {US},
    publisher = {Wiley-VCH},
    year      = {1989},
    isbn      = {978-0-471-50439-9},
    edition   = {},
    DOI       = {10.1002/9783527617234},
}

@article{dsx-1991a,
    title = {General-relativistic celestial mechanics. I. Method and definition of reference systems},
    author = {Damour, Thibault and Soffel, Michael and Xu, Chongming},
    journal = {Phys. Rev. D},
    volume = {43},
    issue = {10},
    pages = {3273--3307},
    numpages = {0},
    year = {1991},
    month = {5},
    publisher = {American Physical Society},
    doi = {10.1103/PhysRevD.43.3273},
}

@article{dsx-1992a,
    title = {General-relativistic celestial mechanics II. Translational equations of motion},
    author = {Damour, Thibault and Soffel, Michael and Xu, Chongming},
    journal = {Phys. Rev. D},
    volume = {45},
    issue = {4},
    pages = {1017--1044},
    numpages = {0},
    year = {1992},
    month = {2},
    publisher = {American Physical Society},
    doi = {10.1103/PhysRevD.45.1017},
}
@article{dsx-1993a,
    title = {General-relativistic celestial mechanics. III. Rotational equations of motion},
    author = {Damour, Thibault and Soffel, Michael and Xu, Chongming},
    journal = {Phys. Rev. D},
    volume = {47},
    issue = {8},
    pages = {3124--3135},
    numpages = {0},
    year = {1993},
    month = {4},
    publisher = {American Physical Society},
    doi = {10.1103/PhysRevD.47.3124},
}
@article{dsx-1994a,
    title = {General-relativistic celestial mechanics. IV. Theory of satellite motion},
    author = {Damour, Thibault and Soffel, Michael and Xu, Chongming},
    journal = {Phys. Rev. D},
    volume = {49},
    issue = {2},
    pages = {618--635},
    numpages = {0},
    year = {1994},
    month = {1},
    publisher = {American Physical Society},
    doi = {10.1103/PhysRevD.49.618},
}

@article{Darrigol-2015,
    author = {Darrigol, Olivier },
    title = {The mystery of Riemann's curvature},
    journal = {Historia Mathematica},
    volume = {42},
    issue = {1},
    pages = {47--83},
    numpages = {0},
    year = {2015},
    month = {2},
    publisher = {},
    doi = {10.1016/j.hm.2014.03.001},
}



@Book{davydov1965,
    author    = {Davydov,A.S. },
    title     = {Quantum Mechanics},
    subtitle  = {International Series in Natural Philosophy},
    address   = {UK},
    publisher = {Pergamon},
    year      = {1965},
    isbn      = {978-1-483-17202-6},
    edition   = {2},
}

@Book{dirac-lecQ-1964,
    author    = {Dirac, P. A. M. },
    title     = {Lectures on Quantum Mechanics},
    address   = {US},
    publisher = {Snowball Publishing },
    year      = {2012},
    pages     = {},
    isbn      = { 978-1-607-96432-2},
    edition   = {},
}

@Book{dirac-rela-1975,
    author    = {Dirac, P. A. M. },
    title     = {General Theory of Relativity },
    address   = {US},
    publisher = {Princeton University Press},
    year      = {1975},
    pages     = {},
    isbn      = {978-0-691-01146-2},
    edition   = {},
}

@article{duan-zhang-1994a,
    author   = {段一士 and 张敬业},
    title    = {关于广义相对论中福克的谐和坐标条件},
    journal  = {物理学报},
    volume   = {18},
    issue    = {4},
    pages    = {211-217},
    numpages = {},
    year     = {1962},
    publisher= {中国物理协会},
    doi      = {10.7498/aps.18.211},
}





@Book{Duggal-Bejancu-1996,
    author    = { Duggal, Krishan L. and   Bejancu , Aurel},
    title     = {Lightlike Submanifolds of Semi-Riemannian Manifolds and Applications },
    address   = {US},
    publisher = {Springer},
    year      = {1996},
    pages     = {},
    isbn      = {978-0-792-33957-1},
    edition   = {},
}

@Book{Duggal-Sharma-1999,
    author    = { Duggal, Krishan L. and  Sharma, Ramesh },
    title     = { Symmetries of Spacetimes and Riemannian Manifolds },
    address   = {US},
    publisher = {Springer},
    year      = {1999},
    pages     = {},
    isbn      = {978-0-792-35793-3},
    edition   = {},
}

@Book{Duggal-Jin-2007,
    author    = { Duggal, Krishan L. and   Jin, Ho  Dae},
    title     = {Null Curves and Hypersurfaces of Semi-Riemannian Manifolds },
    address   = {SG},
    publisher = { World Scientific Publishing Company},
    year      = {2007},
    pages     = {},
    isbn      = {978-9-812-70647-8},
    edition   = {},
}

@Book{Duggal-Sahin-2010,
    author    = { Duggal, Krishan L. and  Sahin, Bayram  },
    title     = { Differential Geometry of Lightlike Submanifolds   },
    address   = {GE},
    publisher = {Birkh\"auser Verlag AG},
    year      = {2010},
    pages     = {},
    isbn      = {978-3-03460-250-1},
    edition   = {},
}





@article{dyson1951,
    author   = {Dyson, Freeman John },
    title    = {ADVANCED    QUANTUM MECHANICS},
    year     = {1951},
    eprint   = {quant-ph/0608140},
    archivePrefix = {arXiv},
    primaryClass  = {quant-ph},
}


@article{eht-2007,
    author = {Ezin,Jean-Pierre and Hassirou, Mouhamadou  and  Tossa, Joel},
    title = {Divergence theorem for symmetric (0,2)-tensor fields on a semi-Riemannian manifold with boundary},
    volume = {30},
    journal = {Kodai Mathematical Journal},
    number = {1},
    publisher = {Tokyo Institute of Technology, Department of Mathematics},
    pages = {41 - 54},
    year = {2007},
    doi = {10.2996/kmj/1175287620},
    URL = {},
}


@Book{einstein_sg,
    author    = {Einstein, Albert},
    title     = {狭义与广义相对论浅说},
    address   = {北京},
    publisher = {北京大学出版社},
    year      = {2005},
    pages     = {},
    isbn      = {978-7-301-09562-1},
    edition   = {15},
}

@article{einstein_infeld_1949,
    title={On The Motion of Particles in General Relativity Theory}, 
    volume={1}, 
    DOI={10.4153/CJM-1949-020-8}, 
    number={3}, 
    journal={Canadian Journal of Mathematics}, 
    publisher={Cambridge University Press}, 
    author={Einstein, A. and Infeld, L.}, 
    year={1949}, 
    pages={209–241},
}

@Book{einstein1950,
    author    = {Einstein, Albert},
    title     = {The Meaning of Relativity},
    address   = {US},
    publisher = {Princeton University Press},
    year      = {1950},
    pages     = {},
    isbn      = {978-0-691-16408-3},
    edition   = {},
}


 
@Book{einstein-1970,
    author    = {Einstein, Albert},
    title     = {Albert Einstein Philosopher-Scientist:Volume VII in the Library of Living Philosophers},
    address   = {New York},
    publisher = {MJF Books},
    year      = {1970},
    pages     = {},
    isbn      = {1-56731-432-5},
    edition   = {},
}


@Book{eisenhart-1997-rg,
    author    = {Eisenhart, Luther Pfahler},
    title     = {Riemannian Geometry},
    address   = {US},
    publisher = {Princeton University Press},
    year      = {1926},
    pages     = {},
    isbn      = {978-0-691-02353-3},
    edition   = {},
}


@Book{feynman-2006-v1,
    author    = {Feynman, Richard Phillips and  Leighton, Robert Benjamin  and Sands, Matthew },
    title     = {The Feynman Lectures on Physics, Vol. I (New Millennium Edition)},
    address   = {US},
    publisher = {Basic Books},
    year      = {2006},
    pages     = {},
    isbn      = {978-0-805-39046-9},
    edition   = {},
}

@Book{feynman-2006-v2,
    author    = {Feynman, Richard Phillips and  Leighton, Robert Benjamin  and Sands, Matthew },
    title     = {The Feynman Lectures on Physics, Vol. II (New Millennium Edition)},
    address   = {US},
    publisher = {Basic Books},
    year      = {2006},
    pages     = {},
    isbn      = {978-0-465-02494-0},
    edition   = {},
}

@Book{feynman-2006-v3,
    author    = {Feynman, Richard Phillips and  Leighton, Robert Benjamin  and Sands, Matthew },
    title     = {The Feynman Lectures on Physics, Vol. III (New Millennium Edition)},
    address   = {US},
    publisher = {Basic Books},
    year      = {2006},
    pages     = {},
    isbn      = {978-0-465-02501-5},
    edition   = {},
}

@Book{Gelfand-1963,
    author    = {Gel'fand, I.M. and Minlos, R.A. and Shapiro, Z.Y.},
    title     = {Representations of the Rotation and Lorentz Groups and Their Applications},
    subtitle  = {},
    address   = {UK},
    publisher = {Pergamon Press},
    year      = {1963},
    pages     = {},
    isbn      = {0080100694},
    edition   = {},
}



@Book{Gilmore-1974,
    author    = {Gilmore, Robert},
    title     = {Lie Groups, Lie Algebras, and Some of Their Applications},
    subtitle  = {},
    address   = {US},
    publisher = {John Wiley & Sons},
    year      = {1974},
    pages     = {},
    isbn      = {0-471-30179-5},
    edition   = {},
}


@Book{Gilmore-2008,
    author    = {Gilmore, Robert},
    title     = {Lie Groups, Physics, and Geometry},
    subtitle  = {An Introduction for Physicists, Engineers and Chemists},
    address   = {UK},
    publisher = {Cambridge University Press},
    year      = {2008},
    pages     = {},
    isbn      = {978-0-521-88400-6},
    edition   = {},
}




@Book{goldstein-PS-2002,
    author    = {Goldstein, Herbert  and  Poole, C. P. and  Safko,J. L.},
    title     = {Classical Mechanics},
    address   = {US},
    publisher = {Pearson},
    year      = {2002},
    pages     = {},
    isbn      = {978-0-201-65702-9},
    edition   = {3},
}



@article{good1955,
    author = {Good, R. H. Jr},
    title = {Properties of the Dirac Matrices},
    journal = {Review Mordern Physics},
    volume = {27},
    issue = {2},
    pages = {187--211},
    numpages = {0},
    year = {1955},
    month = {4},
    publisher = {American Physical Society},
    doi = {10.1103/RevModPhys.27.187},
}


@Book{greiner_RQM,
    author    = {Greiner, Walter },
    title     = {Relativistic Quantum Mechanics},
    subtitle  = {Wave Equations},
    address   = {DE},
    publisher = {Springer},
    year      = {2000},
    pages     = {},
    isbn      = {978-3-540-67457-3},
    edition   = {3},
}

@Book{Greiner-FQ-1996,
    author    = {Greiner,Walter and Reinhardt, Joachim},
    title     = {Field Quantization},
    subtitle  = {},
    address   = {DE},
    publisher = {Springer},
    year      = {1996},
    pages     = {},
    isbn      = {3-540-59179-6},
    edition   = {},
    doi       = {10.1007/978-3-642-61485-9},
}


@Book{griffiths-2023,
    author    = {Griffiths, David J. },
    title     = {Introduction to Electrodynamics},
    subtitle  = {},
    address   = {UK},
    publisher = {Cambridge University Press},
    year      = {2023},
    pages     = {},
    isbn      = {978-1-009-39775-9},
    edition   = {5},
    doi       = {10.1017/9781009397735},
}


@article{Gibbons-Hawking-1977,
    author = {Gibbons, G. W. and Hawking, S. W.},
    title = {Action integrals and partition functions in quantum gravity},
    journal = {Phys. Rev. D},
    volume = {15},
    issue = {10},
    pages = {2752--2756},
    numpages = {},
    year = {1977},
    month = {5},
    publisher = {American Physical Society},
    doi = {10.1103/PhysRevD.15.2752},
}


@Book{hall-2015,
    author    = {Hall, Brian C. },
    title     = {Lie Groups, Lie Algebras, and Representations },
    subtitle  = {An Elementary Introduction},
    address   = {DE},
    publisher = {Springer},
    year      = {2015},
    pages     = {},
    edition   = {2},
    isbn      = {978-3-319-13466-6},
}

@Book{hartle2003,
    author    = {Hartle,James B. },
    title     = {Gravity },
    subtitle  = {An Introduction to Einstein's General Relativity},
    address   = {UK},
    publisher = {Cambridge University Press},
    year      = {2003},
    pages     = {},
    edition   = {},
    isbn      = {978-1-316-51754-3},
}




@Book{hatcher-2002-at,
    author    = {Hatcher, Allen },
    title     = {Algebraic topology},
    address   = {UK},
    publisher = {Cambridge University Press},
    year      = {2002},
    pages     = {},
    edition   = {},
    isbn      = {978-0-521-79540-1},
    doi       = {},
}


@Book{hawking-ellis1973,
    author    = {Hawking, Stephen W.  and Ellis, G. },
    title     = {The Large Scale Structure of Space-Time},
    address   = {UK},
    publisher = {Cambridge University Press},
    year      = {1973},
    pages     = {},
    edition   = {},
    isbn      = {978-0-521-09906-6},
}

@Book{hehl-Obukhov-2003,
    author    = { Hehl, Friedrich W.  and Obukhov, Yuri N. },
    title     = {Foundations of Classical Electrodynamics},
    address   = {CH},
    publisher = {Birkh\"auser Press},
    year      = {2003},
    pages     = {},
    edition   = {},
    isbn      = {978-0-817-64222-8},
}


@Book{helgason-2001,
    author    = { Helgason,  Sigurdur},
    title     = {Differential Geometry, Lie Groups, and Symmetric Spaces},
    address   = {US},
    publisher = {American Mathematical Society},
    year      = {2001},
    pages     = {},
    edition   = {},
    isbn      = {978-0-821-82848-9},
}


@Book{Hilgert-2012,
    author    = {Hilgert, Joachim  and Neeb, Karl-Hermann },
    title     = {Structure and Geometry of Lie Groups},
    address   = {US},
    publisher = {Springer},
    year      = {2012},
    pages     = {},
    edition   = {},
    isbn      = {978-0-387-84793-1},
    doi       = {10.1007/978-0-387-84794-8},
}


@Book{hu2012,
    author    = {胡友秋},
    title     = {电磁学单位制},
    address   = {合肥},
    publisher = {中国科学技术大学出版社},
    year      = {2012},
    pages     = {},
    edition   = {},
    isbn      = {978-7-312-02933-2},
}


@Book{hua-wan-1963,
    author    = {华罗庚 and 万哲先},
    title     = {典型群},
    address   = {上海},
    publisher = {上海科学技术出版社},
    year      = {1963},
    pages     = {},
    edition   = {},
    isbn      = {},
}




@Book{huangjs-2000,
    author    = {黄劲松},
    title     = {李群的表示论},
    address   = {湖南},
    publisher = {湖南教育出版社},
    year      = {2000},
    pages     = {},
    edition   = {1},
    isbn      = {978-7-535-53227-5},
}


@Book{huangxg-2007,
    author    = {黄宣国},
    title     = {李群基础},
    address   = {上海},
    publisher = {复旦大学出版社},
    year      = {2007},
    pages     = {},
    edition   = {2},
    isbn      = {978-7-309-05465-1},
}

@Book{huangxg-2024,
    author    = {黄宣国},
    title     = {李群基础},
    address   = {上海},
    publisher = {复旦大学出版社},
    year      = {2024},
    pages     = {},
    edition   = {3},
    isbn      = {978-7-309-16944-7},
}




@Book{hxl2020,
	author    = {黄克智 and 薛明德 and 陆明万},
	title     = {张量分析},
	address   = {北京},
	publisher = {清华大学出版社},
	year      = {2020},
	pages     = {},
	edition   = {3},
	isbn      = {978-7-302-52157-0},
}

@Book{Husemoller-1994,
    author    = {Husemoller,Dale},
    title     = {Fibre Bundles},
    address   = {US},
    publisher = {Springer-Verlag},
    year      = {1994},
    pages     = {},
    isbn      = {978-1-4757-2263-5},
    edition   = {3},
}


@article{Israel-1967,
    author = {Israel, Werner},
    title = {Event Horizons in Static Vacuum Space-Times},
    journal = {Phys. Rev.},
    volume = {164},
    issue = {5},
    pages = {1776--1779},
    numpages = {0},
    year = {1967},
    month = {12},
    publisher = {American Physical Society},
    doi = {10.1103/PhysRev.164.1776},
}


@Book{itskov-2019,
    author    = {Itskov,Mikhail},
    title     = {Tensor Algebra and Tensor Analysis for Engineers},
    address   = {DE},
    publisher = {Springer},
    year      = {2019},
    pages     = {},
    isbn      = {978-3-319-98806-1},
    edition   = {5},
}

@Book{Itzykson-2005,
	author    = {Itzykson,Claude and Zuber, Jean-Bernard },
	title     = {Quantum Field Theory},
	address   = {US},
	publisher = {Dover Publications},
	year      = {2005},
	pages     = {},
	isbn      = {978-0-486-44568-7},
	edition   = {},
}

 
@Book{jackson1998,
    author    = {Jackson,John David},
    title     = {Classical Electrodynamics},
    address   = {US},
    publisher = {Wiley},
    year      = {1998},
    pages     = {},
    isbn      = {978-0-471-30932-1},
    edition   = {3},
}

@article{jackson2002-LC,
    author = {Jackson,John David},
    title = {From Lorenz to Coulomb and other explicit gauge transformations},
    journal = {American Journal of Physics},
    volume = {70},
    number = {9},
    pages = {917-928},
    year = {2002},
    doi = {10.1119/1.1491265},
}



@Book{jefimenko1966,
    author    = {Jefimenko, Oleg D. },
    title     = {Electricity and Magnetism},
    subtitle  = {An Introduction to the Theory of Electric and Magnetic Fields},
    address   = {US},
    publisher = {Electret Scientific},
    year      = {1966},
    pages     = {},
    isbn      = {978-0-917-40608-9},
    edition   = {2},
}



@article{Karatas-1990 ,
    author = {Karatas, Debra L.  and Kowalski, Kenneth L.},
    title = {Noether's theorem for local gauge transformations},
    journal = {American Journal of Physics},
    volume = {58},
    number = {2},
    pages = {123-131},
    year = {1990},
    doi = {10.1119/1.16219},
}



@Book{ka2001,
	 author    = {喀兴林},
 	 title     = {高等量子力学},
	 address   = {北京},
	 publisher = {高等教育出版社},
	 year      = {2001},
	 pages     = {},
	 isbn      = {978-7-040-09925-6},
	 edition   = {2},
}



@Book{Kobayashi-1995,
    author    = {Kobayashi, Shoshichi },
    title     = {Transformation Groups in Differential Geometry},
    subtitle  = {},
    address   = {DE},
    publisher = {Springer Berlin, Heidelberg},
    year      = {1995},
    pages     = {},
    isbn      = {978-3-540-58659-3},
    edition   = {},
    doi       = {10.1007/978-3-642-61981-6},
}


@Book{koszul-zou-1986,
    author    = {柯歇尔（Koszul） and 邹异明},
    title     = {辛几何引论},
    subtitle  = {},
    address   = {北京},
    publisher = {科学出版社},
    year      = {1986},
    pages     = {},
    isbn      = {978-7-030-06167-6},
    edition   = {},
}


@Book{kriele-1999,
    author    = {Kriele, Marcus },
    title     = {Spacetime},
    subtitle  = {Foundations of General Relativity and Differential Geometry},
    address   = {DE},
    publisher = {Springer},
    year      = {1999},
    pages     = {},
    isbn      = {978-3-540-66377-5},
    edition   = {},
}

@book{landau_1-mechanics,
    title={Mechanics},
    author={Landau, L.D. and Lifshitz, E.M.},
    address={UK},
    isbn={978-0-080-50347-9},
    series={Course of Theoretical Physics},
    year={1982},
    publisher={Elsevier Science},
    number={1},
    edition={3},
}

@book{landau_2-classical-fields,
    title={The Classical Theory of Fields},
    author={Landau, L.D. and Lifshitz, E.M.},
    address={UK},
    isbn={978-0-750-62768-9},
    series={Course of Theoretical Physics},
    year={1975},
    publisher={Butterworth-Heinemann},
    number={2},
    edition={4},
}

@book{landau_3_quan-mech,
    title={Quantum Mechanics: Non-Relativistic Theory},
    author={Landau, L.D. and Lifshitz, E.M.},
    address={UK},
    isbn={978-0-080-50348-6},
    series={Course of Theoretical Physics},
    year={1981},
    publisher={Elsevier Science},
    number={3},
    edition={4},
}


@book{landau_4_QED,
    title={Quantum Electrodynamics},
    author={Berestetskii, V.B. and  Lifshitz, E.M. and Pitaevskii, L.P.},
    address={UK},
    isbn={978-0-750-63371-0},
    series={Course of Theoretical Physics},
    year={1982},
    publisher={Butterworth-Heinemann},
    number={4},
    edition={2},
}

@book{landau_5-statistical,
    title={Statistical Physics (Part 1)},
    author={Landau, L.D. and Lifshitz, E.M.},
    address={UK},
    isbn={978-0-080-57046-4},
    series={Course of Theoretical Physics},
    year={1980},
    publisher={Butterworth-Heinemann},
    number={5},
    edition={3},
}

@book{landau_6-fluid,
    title={Fluid Mechanics},
    author={Landau, L.D. and Lifshitz, E.M.},
    address={UK},
    isbn={978-0-080-33933-7},
    series={Course of Theoretical Physics},
    year={1980},
    publisher={Butterworth-Heinemann},
    number={6},
    edition={2},
}

@book{landau_7-elasticity,
    title={Theory of Elasticity},
    author={Landau, L.D. and Lifshitz, E.M.},
    address={UK},
    series={Course of Theoretical Physics},
    isbn={978-0-750-62633-0},
    year={1986},
    publisher={Butterworth-Heinemann},
    number={7},
    edition={2},
}

@book{landau_8-electrodynamics,
    title={Electrodynamics of Continuous Media},
    author={Landau, L.D. and Lifshitz, E.M. and Pitaevskii, L.P.},
    address={UK},
    isbn={978-0-750-62634-7},
    series={Course of Theoretical Physics},
    year={1984},
    publisher={Butterworth-Heinemann},
    number={8},
    edition={2},
}


@book{landau_9-Statistical,
    title={Statistical Physics (Part 2): Theory of the Condensed State},
    author={Lifshitz, E.M. and Pitaevskii, L.P.},
    address={UK},
    isbn={978-0-750-62636-1},
    series={Course of Theoretical Physics},
    year={1980},
    publisher={Butterworth-Heinemann},
    number={9},
    edition={},
}


@book{landau_10-Kinetics,
    title={Course of Theoretical Physics: Physical Kinetics},
    author={Lifshitz, E.M. and Pitaevskii, L.P.},
    address={UK},
    isbn={978-0-750-62635-4},
    series={Course of Theoretical Physics},
    year={1981},
    publisher={Pergamon Press},
    number={10},
    edition={},
}


@book{lawson-1990-spin,
    title    ={Spin Geometry},
    author   ={Lawson, H. B. and Michelsohn, M. L.},
    address  ={US},
    isbn     ={978-0-6910-8542-5},
    series   ={},
    year     ={1990},
    publisher={Princeton University Press},
    number   ={},
    edition  ={},
    doi      ={},
}


@book{lee-2013-ism,
    title    ={Introduction to Smooth Manifolds},
    author   ={Lee, John M.},
    address  ={US},
    isbn     ={978-1-4419-9981-8},
    series   ={},
    year     ={2013},
    publisher={Springer},
    number   ={},
    edition  ={2},
    doi      ={10.1007/978-1-4419-9982-5},
}

@book{lee-2018-irm,
    title    ={Introduction to Riemannian Manifolds},
    author   ={Lee, John M.},
    address  ={US},
    isbn     ={978-3-319-91754-2},
    series   ={},
    year     ={2018},
    publisher={Springer},
    number   ={},
    edition  ={2},
    doi      ={10.1007/978-3-319-91755-9},
}


@Book{liangkm2010,
    author    = {梁昆淼},
    title     = {数学物理方法},
    address   = {北京},
    publisher = {高等教育出版社},
    year      = {2010},
    pages     = {},
    isbn      = {978-7-040-28352-5},
    edition   = {4},
}

@Book{liang_cao2020,
 author    = {梁灿彬 and 曹周键},
 title     = {量纲理论与应用},
 address   = {北京},
 publisher = {科学出版社},
 year      = {2020},
 pages     = {},
 isbn      = {978-7-030-67474-6},
 edition   = {},
}



@Book{liang_zhou2006_1,
 author    = {梁灿彬 and 周彬},
 title     = {微分几何入门与广义相对论（上）},
 address   = {北京},
 publisher = {科学出版社},
 year      = {2006},
 pages     = {},
 isbn      = {978-7-030-16460-5},
 edition   = {2},
}

@Book{liang_zhou2009_2,
 author    = {梁灿彬 and 周彬},
 title     = {微分几何入门与广义相对论（中）},
 address   = {北京},
 publisher = {科学出版社},
 year      = {2009},
 month     = {3},
 pages     = {},
 isbn      = {978-7-030-24057-6},
 edition   = {2},
}

@Book{liang_zhou2009_3,
 author    = {梁灿彬 and 周彬},
 title     = {微分几何入门与广义相对论（下）},
 address   = {北京},
 publisher = {科学出版社},
 year      = {2009},
 month     = {8},
 pages     = {},
 isbn      = {978-7-030-25231-9},
 edition   = {2},
}

@Book{lin_zhang_2018,
    author    = {林璇英 and 张之翔},
    title     = {电动力学题解},
    address   = {北京},
    publisher = {科学出版社},
    year      = {2018},
    pages     = {},
    isbn      = {978-7-030-57276-9},
    edition   = {3},
}


@Book{liu_fei2008,
    author    = {刘辽 and 费保俊 and 张允中 },
    title     = {狭义相对论},
    address   = {北京},
    publisher = {科学出版社},
    year      = {2008},
    pages     = {},
    isbn      = {978-7-030-22615-0},
    edition   = {2},
}


@article{liu2018,
author   = {刘长礼},
title    = {}, %%{Are the conservation laws independent of the field equations?},
journal  = {物理与工程},
%%journal  = {Physics and Engineering(in Chinese)},
volume   = {27},
number   = {3},
year     = {2017},
%doi      = {10.3969/j.issn.1009-7104.2017.03.002},
eprint   = {1002.0892},
archivePrefix = {arXiv},
%primaryClass  = {phys.gen-ph},
pages    = {7-9},
}


@article{liu_ge-2014,
    author   = {Liu, Changli(刘长礼) and Ge, Fengjun(葛峰峻)},
%%    title    = {Kinematic Explanation of Massless Particles Only Having Two Helicity States},
    journal  = {},
    volume   = {},
    number   = {},
    year     = {2014},
    doi      = {},
    eprint   = {1403.2698},
    archivePrefix = {arXiv},
    primaryClass  = {phys.gen-ph},
    pages    = {},
}



@Book{Lovelock-1989,
    author    = {Lovelock,D. and Rund, H.},
    title     = {Tensors, Differential Forms, and Variational Principles},
    address   = {New York},
    publisher = {Dover Publications},
    year      = {1989},
    pages     = {},
    isbn      = {0-486-65840-6},
    edition   = {},
}

@Book{Luqk-1982,
    author    = {陆启铿},
    title     = {微分几何学及其在物理学中的应用},
    address   = {北京},
    publisher = {科学出版社},
    year      = {1982},
    pages     = {},
    isbn      = {},
    edition   = {},
}

@article{luo_2003,
    title = {New Experimental Limit on the Photon Rest Mass with a Rotating Torsion Balance},
    author = {Luo, Jun and Tu, Liang-Cheng and Hu, Zhong-Kun and Luan, En-Jie},
    journal = {Phys. Rev. Lett.},
    volume = {90},
    issue = {8},
    pages = {081801},
    numpages = {4},
    year = {2003},
    month = {2},
    publisher = {American Physical Society},
    doi = {10.1103/PhysRevLett.90.081801},
}

@article{luo_2004,
    doi = {10.1088/0034-4885/68/1/r02},
    year = {2004},
    month = {11},
    publisher = {{IOP} Publishing},
    volume = {68},
    number = {1},
    pages = {77--130},
    author = {Tu, Liang-Cheng  and Luo, Jun  and Gillies, George T },
    title = {The mass of the photon},
    journal = {Reports on Progress in Physics},
}

@article{luo_2018,
    doi = {10.1038/s41586-018-0431-5},
    year = {2018},
    month = {8},
    publisher = {},
    volume = {560},
    number = {},
    pages = {582-588},
    author = {Li, Q. and Luo, Jun and others},
    title = {Measurements of the gravitational constant using two independent methods},
    journal = {Nature},
}

@article{marsden-1973,
    doi = {10.1512/iumj.1973.22.22089},
    year = {1973},
    month = {},
    publisher = {},
    volume = {22},
    number = {11},
    pages = {1065-1066},
    author = {Marsden, J. E.},
    title = {On Completeness of Homogeneous Pseudo-Riemannian Manifolds},
    journal = {Indiana University Mathematics Journal},
}


@Book{marsden-1999-IMS,
    author    = {Marsden, J. E. and Ratiu, T. S.},
    title     = {Introduction to Mechanics and Symmetry},
    subtitle  = {},  %%A Basic Exposition of Classical Mechanical Systems
    publisher = {Springer},
    year      = {1999},
    address   = {US},
    pages     = {},
    Chapter   = {},
    isbn      = {978-0-387-98643-2},
    edition   = {2},
}



@Book{marsden-1988-MTA,
    author    = {Abraham, Ralph and Marsden, Jerrold E. and Ratiu, T. S.},
    title     = {Manifolds, Tensor Analysis, and Applications},
    subtitle  = {}, 
    publisher = {Springer},
    year      = {1988},
    address   = {US},
    pages     = {},
    Chapter   = {},
    isbn      = {978-0-387-96790-5},
    edition   = {2},
}

@article{McRae-2007,
	author={McRae, Alan S.},
	title={Clifford Algebras and Possible Kinematics},
	ISSN={1815-0659},
	DOI={10.3842/sigma.2007.079},
	journal={Symmetry, Integrability and Geometry: Methods and Applications},
	publisher={SIGMA},
	year={2007},
	month={jul} ,
	eprint   = {0707.2869},
	archivePrefix = {arXiv},
	primaryClass  = {math-ph},
}

@Book{mengdj-cxds-1,
    author    = {孟道骥 and 陈良云 and 史毅茜 and 白瑞蒲},
    title     = {抽象代数I},
    subtitle  = {},  %%代数学基础
    publisher = {科学出版社},
    year      = {2010},
    address   = {北京},
    pages     = {},
    Chapter   = {},
    isbn      = {978-7-030-26302-5},
    edition   = {},
}
@Book{mengdj-cxds-2,
    author    = {孟道骥 and 王立云 and 史毅茜 and 徐丽媛},
    title     = {抽象代数II},
    subtitle  = {},  %%结合代数
    publisher = {科学出版社},
    year      = {2011},
    address   = {北京},
    pages     = {},
    Chapter   = {},
    isbn      = {978-7-030-30354-7},
    edition   = {},
}

@Book{mengdj-cxds-3,
    author    = {孟道骥 and 王立云 and 袁腊梅},
    title     = {抽象代数III},
    subtitle  = {},  %%交换代数
    publisher = {科学出版社},
    year      = {2019},
    address   = {北京},
    pages     = {},
    Chapter   = {},
    isbn      = {978-7-030-46803-1},
    edition   = {},
}


@Book{mengdj-dckj-2005,
    author    = {孟道骥 and 史毅茜},
    title     = {Riemann对称空间},
    subtitle  = {},  
    publisher = {南开大学出版社},
    year      = {2005},
    address   = {天津},
    pages     = {},
    Chapter   = {},
    isbn      = {7-310-02307-2},
    edition   = {},
}

@Book{Miller-1973,
    author    = {Miller, Willard },
    title     = {Symmetry Groups and Their Applications},
    subtitle  = {},  
    publisher = {Academic Press},
    year      = {1973},
    address   = {US},
    pages     = {},
    Chapter   = {},
    isbn      = {9780080873657},
    edition   = {},
}




@article{milton2015,
    author   = {Milton, Kimball A. },
    title    = {Schwinger's Quantum Action Principle},
    year     = {2015},
    eprint   = {1503.08091},
    archivePrefix = {arXiv},
    primaryClass  = {quant-ph},
}


@article{molinari2007,
    author   = {Molinari, L. G. },
    title    = {Another proof of Gell-Mann and Low's theorem},
    journal  = {Journal of Mathematical Physics},
    volume   = {48},
    number   = {5},
    year     = {2007},
    doi      = {10.1063/1.2740469},
    eprint   = {math-ph/0612030},
    archivePrefix = {arXiv},
    primaryClass  = {math-ph},
    pages    = {052113},
}

@Book{moller-1952,
    author    = {Moller, Christian  },
    title     = {The Theory of Relativity},
    publisher = {Oxford University Press},
    year      = {1952},
    address   = {UK},
    pages     = {},
    Chapter   = {},
    isbn      = {},
    edition   = {},
}



@Book{mtw1973,
 author    = {Misner, C. W.  and Thorne, K. S.  and Wheeler,J. A. },
 title     = {Gravitation},
 publisher = {W. H. Freeman},
 year      = {1973},
 address   = {US},
 pages     = {},
 Chapter   = {},
 isbn      = {978-0-716-70344-0},
 edition   = {},
}

@Book{munkres-1984-EATop,
    author    = {Munkres, James R. },
    title     = {Elements of Algebraic Topology},
    publisher = {CRC Press},
    year      = {1984},
    address   = {US},
    pages     = {},
    Chapter   = {},
    isbn      = {978-0-2016-2728-2},
    edition   = {},
    doi       = {10.1201/9780429493911},
}


@Book{munkres-2000-topology,
    author    = {Munkres, James R. },
    title     = {Topology},
    publisher = {Pearson},
    year      = {2000},
    address   = {US},
    pages     = {},
    Chapter   = {},
    isbn      = {978-0-134-68951-7},
    edition   = {2},
}

@Book{munkres-1997-Analysis,
    author    = {Munkres, James R. },
    title     = {Analysis On Manifolds},
    publisher = {CRC Press},
    year      = {1997},
    address   = {US},
    pages     = {},
    Chapter   = {},
    isbn      = {978-0-201-31596-7},
    edition   = {},
}


@article{nelson-1981,
    author = {Nelson, R. A.},
    title = {Coordinate-dependent 3+1 formulation of the general relativity equations for a perfect fluid},
    journal = {General Relativity and Gravitation},
    volume = {13},
    number = {6},
    pages = {569-580},
    year = {1981},
    doi = {10.1007/BF00757243},
}



@Book{newman-2019,
    author    = {Newman, Stephen C.  },
    title     = {Semi-Riemannian Geometry},
    subtitle  = {The Mathematical Language of General  Relativity},
    publisher = {Wiley},
    year      = {2019},
    address   = {US},
    pages     = {},
    Chapter   = {},
    isbn      = {978-1-119-51753-5},
    edition   = {},
}



@article{newman-Penrose-1962,
    author = {Newman,Ezra  and Penrose,Roger },
    title = {An Approach to Gravitational Radiation by a Method of Spin Coefficients},
    journal = {Journal of Mathematical Physics},
    volume = {3},
    number = {3},
    pages = {566-578},
    year = {1962},
    doi = {10.1063/1.1724257},
}


@article{niwt-1978,
    author = {Ni, Wei-Tou and Zimmermann, Mark},
    title = {Inertial and gravitational effects in the proper reference frame of an accelerated, rotating observer},
    journal = {Phys. Rev. D},
    volume = {17},
    issue = {6},
    pages = {1473--1476},
    numpages = {0},
    year = {1978},
    month = {5},
    publisher = {American Physical Society},
    doi = {10.1103/PhysRevD.17.1473},
}


@Book{ohanian-ruffini-2013,
    author    = {Ohanian, Hans C.  and Ruffini, Remo },
    title     = {Gravitation and spacetime},
    publisher = {Cambridge University Press},
    year      = {2013},
    address   = {UK},
    pages     = {},
    Chapter   = {},
    isbn      = {978-1-107-01294-3},
    edition   = {3},
}

@Book{oneill1983,
    author    = {O'Neill, Barrett },
    title     = {Semi-Riemannian Geometry With Applications to Relativity},
    publisher = {Academic Press},
    year      = {1983},
    address   = {US},
    pages     = {},
    isbn      = {978-0-125-26740-3},
    edition   = {},
}

@Book{oneill2014,
    author    = {O'Neill, Barrett },
    title     = {The Geometry of Kerr Black Holes},
    publisher = {Dover Publications},
    year      = {2014},
    address   = {US},
    pages     = {},
    isbn      = {978-0-486-49342-8},
    edition   = {},
}

@Book{padmanabhan2010,
    author    = {Padmanabhan, T. },
    title     = {Gravitation},
    subtitle  = { Foundations and Frontiers},
    publisher = {Cambridge University Press},
    year      = {2010},
    address   = {UK},
    pages     = {},
    Chapter   = {},
    isbn      = {978-0-521-88223-1},
    edition   = {},
}


@Book{Pais-1982,
    author    = {Pais, Abraham},
    title     = {Subtle Is the Lord},
    subtitle  = { The Science and the Life of Albert Einstein},
    series    = {},
    number    = {},
    publisher = {Oxford University Press},
    year      = {1982},
    address   = {UK},
    isbn      = {},
    edition   = {},
}


@article{palais-1957,
    author  = {Palais, Richard S. },
    title   = {A global formulation of the Lie theory of transformation groups},
    journal = {Memoirs of the American Mathematical Society},
    year    = {1957},
    volume  = {},
    number  = {22},
    pages   = {},
    doi     = {10.1090/memo/0022},
}



@Book{pauli-1973-ED,
    author    = {Pauli, Wolfgang Ernst },
    title     = {Electrodynamics},
    subtitle  = { },
    series    = {Pauli Lectures on Physics},
    number    = {1},
    publisher = {Dover Publications},
    year      = {1973},
    address   = {US},
    isbn      = {},
    edition   = {1},
}

@article{pauli1926,
    author   = {Pauli, Wolfgang Ernst},
    title    = {},
    journal  = {f\"{u}r Physics},
    volume   = {36},
    number   = {},
    year     = {1926},
    doi      = {},
    pages    = {336-363},
}

@Book{penrose-Rindler1984,
    author    = {Penrose, Roger  and Rindler, W. },
    title     = {Spinors and Space-Time (Vol. I)},
    publisher = {Cambridge University Press},
    year      = {1984},
    address   = {UK},
    pages     = {},
    isbn      = {978-0-521-33707-6},
    edition   = {},
}

@Book{penrose-Rindler1986,
    author    = {Penrose, Roger  and Rindler, W. },
    title     = {Spinors and Space-Time (Vol. II)},
    publisher = {Cambridge University Press},
    year      = {1986},
    address   = {UK},
    pages     = {},
    isbn      = {978-0-521-34786-0},
    edition   = {},
}



@Book{pku1987,
    author    = {北京大学物理系《量子统计物理》编写组},
    title     = {量子统计物理},
    publisher = {北京大学出版社},
    year      = {1987},
    address   = {北京},
    pages     = {},
    Chapter   = {},
    edition   = {},
}



@Book{poisson-2007,
    author    = {Poisson, Eric},
    title     = {A Relativist's Toolkit},
    subtitle  = {The Mathematics of Black-Hole Mechanics},
    publisher = {Cambridge University Press},
    year      = {2007},
    address   = {UK},
    pages     = {},
    isbn      = {978-0-521-53780-3},
    edition   = {},
}


@Book{poisson-will-2014,
    author    = {Poisson, Eric  and Will, C. M. },
    title     = {Gravity},
    subtitle  = {Newtonian, Post-Newtonian, Relativistic},
    publisher = {Cambridge University Press},
    year      = {2014},
    address   = {UK},
    pages     = {},
    isbn      = {978-1-107-03286-6},
    edition   = {},
}

@article{Popovych_2003,
    author={Popovych, Roman O and Boyko, Vyacheslav M and Nesterenko, Maryna O and Lutfullin, Maxim W},
    title={Realizations of real low-dimensional Lie algebras},
    volume={36},
    ISSN={1361-6447},
    DOI={10.1088/0305-4470/36/26/309},
    number={26},
    journal={Journal of Physics A: Mathematical and General},
    publisher={IOP Publishing},
    year={2003},
    month={6}, 
    pages={7337–7360},
}


@Book{qiuws-2018-v1,
    author    = {丘维声},
    title     = {高等代数（上）},
    subtitle  = {},
    publisher = {清华大学出版社},
    year      = {2018},
    address   = {北京},
    pages     = {},
    isbn      = {978-7-302-48763-0},
    edition   = {2},
}

@Book{qiuws-2019-v2,
    author    = {丘维声},
    title     = {高等代数（下）},
    subtitle  = {},
    publisher = {清华大学出版社},
    year      = {2019},
    address   = {北京},
    pages     = {},
    isbn      = {978-7-302-49513-0},
    edition   = {2},
}

@Book{qiuws-2015,
    author    = {丘维声},
    title     = {解析几何},
    subtitle  = {},
    publisher = {北京大学出版社},
    year      = {2015},
    address   = {北京},
    pages     = {},
    isbn      = {978-7-301-25921-4},
    edition   = {3},
}


@Book{qiuws-2011,
    author    = {丘维声},
    title     = {群表示论},
    subtitle  = {},
    publisher = {高等教育出版},
    year      = {2011},
    address   = {北京},
    pages     = {},
    isbn      = {978-7-04-032711-3},
    edition   = {},
}



@article{Ray-1972 ,
    author   = {Ray, John R. },
    title    = {Lagrangian Density for Perfect Fluids in General Relativity},
    journal  = {Journal of Mathematical Physics   },
    volume   = {13},
    issue    = {10},
    pages    = {1451--1453},
    numpages = {},
    year     = {1972},
    month    = {4},
    publisher= {},
    doi      = {10.1063/1.1665861},
}





@Book{rindler-2006,
    author    = {Rindler, Wolfgang },
    title     = {Relativity},
    subtitle  = {SPECIAL, GENERAL, AND COSMOLOGICAL},
    publisher = {Oxford University Press},
    year      = {2006},
    address   = {UK},
    pages     = {},
    isbn      = {978-0-19-856732-5},
    edition   = {2},
}





@article{Robinson-1977,
    author   = {ROBINSON, D. C. },
    title    = {A Simple Proof of the Generalization of Israel's Theorem },
    journal  = {General Relativity and Gravitation   },
    volume   = {8},
    issue    = {8},
    pages    = {695--698},
    numpages = {},
    year     = {1977},
    month    = {},
    publisher= {},
    doi      = {10.1007/BF00756322},
}



@Book{Rudin-FA-1991,
    author    = {Rudin, Walter},
    title     = {Functional Analysis },
    subtitle  = {},
    publisher = {McGraw-Hill},
    year      = {1991},
    address   = {US},
    pages     = {},
    isbn      = {978-0-070-54236-5},
    edition   = {2},
}


@Book{sachs-wu-1977,
    author    = {Sachs, Rainer K.  and  Wu, Hung-Hsi  },
    title     = {General Relativity for Mathematicians},
    publisher = {Springer-Verlag },
    year      = {1977},
    address   = {US},
    pages     = {},
    isbn      = {978-1-461-29903-5},
    edition   = {},
}



@article{Samelson-1940 ,
    author   = {Samelson, H.  },
    title    = {Über die Sphären, die als Gruppenräume auftreten},
    journal  = {Commentarii Mathematici Helvetici   },
    volume   = {13},
    issue    = {},
    pages    = {144--155},
    numpages = {},
    year     = {1940},
    month    = {},
    publisher= {},
    doi      = {10.1007/BF01378058},
}



@Book{scheck-2018,
    author    = {Scheck, Florian },
    title     = {Mechanics},
    subtitle  = {From Newton's Laws to Deterministic Chaos},
    publisher = {Springer-Verlag},
    year      = {2018},
    address   = {Berlin},
    pages     = {},
    isbn      = {978-3-662-55488-3},
    edition   = {6},
}


%@Book{schutz-2009,
%    author    = {Schutz, Bernard },
%    title     = {A First Course in General Relativity},
%    publisher = {Cambridge University Press},
%    year      = {2009},
%    address   = {UK},
%    pages     = {},
%    isbn      = {978-0-521-88705-2},
%    edition   = {2},
%}

@Book{schutz-2022,
    author    = {Schutz, Bernard },
    title     = {A First Course in General Relativity},
    publisher = {Cambridge University Press},
    year      = {2022},
    address   = {UK},
    pages     = {},
    isbn      = {978-1108492676},
    edition   = {3},
}

@article{schwarzschild-1999,
    title={On the gravitational field of a mass point according to Einstein's theory}, 
    author={Schwarzschild, K.},
    year={1999},
    eprint={physics/9905030},
    archivePrefix={arXiv},
    primaryClass={physics.hist-ph}
}

@Book{sedov1982,
    author    = {谢多夫},
    title     = {力学中的相似方法与量纲理论},
    address   = {北京},
    publisher = {科学出版社},
    year      = {1982},
    pages     = {},
    isbn      = {},
    edition   = {8},
}


@Book{serre-1992,
    author    = {Serre, Jean-Pierre  },
    title     = {Lie Algebras and Lie Groups},
    publisher = {Springer-Verlag},
    year      = {1992},
    address   = {DE},
    pages     = {},
    isbn      = {978-3-540-55008-2},
    edition   = {},
    doi       = {10.1007/978-3-540-70634-2},
}


@Book{spivak-mani-1971,
    author    = {Spivak, Michael },
    title     = {Calculus On Manifolds},
    volume    = {},
    address   = {US},
    publisher = {Westview Press},
    year      = {1999},
    pages     = {},
    isbn      = {978-0-805-39021-6},
    edition   = {},
}


@Book{spivak-dif-1,
    author    = {Spivak, Michael },
    title     = {A Comprehensive Introduction to Differential Geometry},
    titleaddon= {Vol. I},
    address   = {US},
    publisher = {Publish or Perish},
    year      = {1999},
    pages     = {},
    isbn      = {978-0-914-09870-6},
    edition   = {3},
}
@Book{spivak-dif-2,
    author    = {Spivak, Michael },
    title     = {A Comprehensive Introduction to Differential Geometry},
    titleaddon= {Vol. II},
    address   = {US},
    publisher = {Publish or Perish},
    year      = {1999},
    pages     = {},
    isbn      = {978-0-914-09871-3},
    edition   = {3},
}

@Book{spivak-dif-3,
    author    = {Spivak, Michael },
    title     = {A Comprehensive Introduction to Differential Geometry},
    titleaddon= {Vol. III},
    address   = {US},
    publisher = {Publish or Perish},
    year      = {1999},
    pages     = {},
    isbn      = {978-0-914-09872-0},
    edition   = {3},
}
@Book{spivak-dif-4,
    author    = {Spivak, Michael },
    title     = {A Comprehensive Introduction to Differential Geometry},
    titleaddon= {Vol. IV},
    address   = {US},
    publisher = {Publish or Perish},
    year      = {1999},
    pages     = {},
    isbn      = {978-0-914-09873-7},
    edition   = {3},
}
@Book{spivak-dif-5,
    author    = {Spivak, Michael },
    title     = {A Comprehensive Introduction to Differential Geometry},
    titleaddon= {Vol. V},
    address   = {US},
    publisher = {Publish or Perish},
    year      = {1999},
    pages     = {},
    isbn      = {978-0-914-09874-4},
    edition   = {3},
}


@Book{stephani-exe-2003,
    author    = {Stephani, Hans and others },
    title     = {Exact Solutions of Einstein's Field Equations},
    address   = {UK},
    publisher = {Cambridge University Press},
    year      = {2003},
    pages     = {},
    isbn      = {978-0-521-46136-8},
    edition   = {2},
}



@Book{stratton1941,
    author    = {Stratton, J. A.},
    title     = {Electromagnetic Theory},
    publisher = {McGraw-Hill Book Company},
    year      = {1941},
    address   = {US},
    pages     = {},
    Chapter   = {},
    edition   = {},
}

@Book{straumann2013,
    author    = {Straumann, Norbert },
    title     = {General Relativity},
    publisher = {Springer},
    year      = {2013},
    address   = {DE},
    pages     = {},
    Chapter   = {},
    isbn      = {978-9-400-75409-6},
    edition   = {2},
}


@article{stevenson1954,
	author    = {Stevenson,A. F.},
	title     = {Note on the existence and determination of a vector potential},
	journal   = {Quarterly of Applied Mathematics},
	volume    = {12},
	number    = {2},
	pages     = {194-198},
	numpages  = {0},
	year      = {1954},
	month     = {7},
	publisher = {American Physical Society},
	doi       = {10.1090/qam/62886},
}


@Book{subq-2016,
    author    = { 苏步青 and 胡和生 and 沈纯理 and 潘养廉 and 张国樑  },
    title     = {微分几何（修订版）},
    publisher = {高等教育出版社},
    year      = {2016},
    address   = {北京},
    pages     = {},
    Chapter   = {},
    edition   = {},
    isbn      = {978-7-04044-722-4},
}





@article{sucher1957,
    author    = {Sucher, J.},
    title     = {S-Matrix Formalism for Level-Shift Calculations},
    journal   = {Physics Review},
    volume    = {107},
    number    = {5},
    pages     = {1448--1449},
    numpages  = {0},
    year      = {1957},
    month     = {9},
    publisher = {American Physical Society},
    doi       = {10.1103/PhysRev.107.1448},
}





@Book{synge-1960,
    author    = { Synge, J. L. },
    title     = {Relativity : the General Theory},
    publisher = {North-Holland  Publishing Company},
    year      = {1960},
    address   = {NL},
    pages     = {},
    Chapter   = {},
    edition   = {},
    isbn      = {},
}

@Book{sxsc1979,
    author    = {《数学手册》编写组 },
    title     = {数学手册},
    publisher = {高等教育出版社},
    year      = {1979},
    address   = {北京},
    pages     = {},
    Chapter   = {},
    edition   = {},
    isbn      = {978-7-040-03401-1},
}

@Book{taorb-2011-gt,
    author    = {陶瑞宝},
    title     = {物理学中的群论},
    publisher = {高等教育出版社},
    year      = {2011},
    address   = {北京},
    edition   = {},
    isbn      = {978-7-040-31205-8},
}

 

@article{Taylor-1969-RevModPhys.41.375,
    title = {Determination of {e}/{h}}, 
    %, Using Macroscopic Quantum Phase Coherence in Superconductors: 
    %Implications for Quantum Electrodynamics and the Fundamental Physical Constants
    author = {TAYLOR, B. N. and PARKER, W. H. and LANGENBERG, D. N.},
    journal = {Reviews of Modern Physics},
    volume = {41},
    issue = {3},
    pages = {375--496},
    numpages = {0},
    year = {1969},
    month = {7},
    publisher = {American Physical Society},
    doi = {10.1103/RevModPhys.41.375},
}


@article{Thorne-1980,
    author = {Thorne, Kip S.},
    title = {Multipole expansions of gravitational radiation},
    journal = {Reviews of  Modern Physics},
    volume = {52},
    issue = {2},
    pages = {299--339},
    numpages = {0},
    year = {1980},
    month = {4},
    publisher = {American Physical Society},
    doi = {10.1103/RevModPhys.52.299},
%    url = {https://link.aps.org/doi/10.1103/RevModPhys.52.299},
}


@Book{toms2007,
    author    = {TOMS, DAVID J. },
    title     = {The Schwinger Action Principle and Effective Action},
    publisher = {cambridge university press},
    year      = {2007},
    address   = {UK},
    pages     = {},
    Chapter   = {},
    isbn      = {978-0-521-87676-6},
    edition   = {},
}





@Book{tu-IM-2011,
    author    = {Tu, Loring W.  },
    title     = {An Introduction to Manifolds },
    publisher = {Springer},
    year      = {2011},
    address   = {UK},
    pages     = {},
    Chapter   = {},
    isbn      = {978-1-441-97399-3},
    edition   = {2},
}

@Book{tung-1985,
    author    = {Tung,Wu-Ki },
    title     = {Group Theory in Physics },
    publisher = {World Scientific Publishing Company},
    year      = {1985},
    address   = {UK},
    pages     = {},
    Chapter   = {},
    isbn      = {978-9-971-96657-7},
    edition   = {},
}

@Book{wald1984,
    author    = {Wald, Robert M. },
    title     = {General Relativity},
    publisher = {University of Chicago Press},
    year      = {1984},
    address   = {US},
    pages     = {},
    Chapter   = {},
    isbn      = {978-0-226-87033-5},
    edition   = {},
}

@article{witten-2024,
	title={Introduction to Black Hole Thermodynamics},
	author={Witten,Edward},
	year={2024},
	eprint={2412.16795},
	archivePrefix={arXiv},
	primaryClass={hep-th}
}

@Book{wanzx-2013,
    author    = {万哲先},
    title     = {李代数},
    publisher = {高等教育出版社},
    year      = {2013},
    address   = {北京},
    pages     = {},
    isbn      = {978-7-040-37266-3},
    edition   = {2},
}

@Book{wangjie-2015,
    author    = {王杰},
    title     = {典型群引论},
    publisher = {北京大学出版社},
    year      = {2015},
    address   = {北京},
    pages     = {},
    Chapter   = {},
    isbn      = {978-7-301-25450-9},
    edition   = {},
}

@Book{wangyj-2011,
    author    = {王永久},
    title     = {引力理论（上下册）},
    publisher = {科学出版社},
    year      = {2011},
    address   = {北京},
    pages     = {},
    Chapter   = {},
    isbn      = {},
    edition   = {},
}

@Book{wang_shi2019,
    author    = {王萼芳 and 石生明},
    title     = {高等代数},
    publisher = {高等教育出版社},
    year      = {2019},
    address   = {北京},
    pages     = {},
    Chapter   = {},
    isbn      = {978-7-040-50733-1},
    edition   = {5},
}


@Book{wang-guo2012,
    author    = {王竹溪 and 郭敦仁},
    title     = {特殊函数概论},
    publisher = {北京大学出版社},
    year      = {2012},
    address   = {北京},
    pages     = {},
    Chapter   = {},
    isbn      = {978-7-301-20049-0},
    edition   = {},
}

@Book{warner-1983-FDMLG,
    author    = {Warner,  Frank W. },
    title     = {Foundations of Differentiable Manifolds and Lie Groups},
    subtitle  = {},
    publisher = {Springer-Verlag},
    year      = {1983},
    address   = {US},
    pages     = {},
    isbn      = {978-1-4419-2820-7},
    edition   = {},
    doi       = { 10.1007/978-1-4757-1799-0 },
    series    = {GTM94},
}



@Book{weyl1931,
    author    = {Weyl, H. },
    title     = {The Theory of Group and Quantum Mechanics},
    publisher = {Dover Publisher},
    year      = {1931},
    address   = {US},
    pages     = {},
    edition   = {},
}

@Book{weinberg_vol1,
    author    = {Weinberg,  Steven },
    title     = {The Quantum Theory of Fields (Vol. I)},
    subtitle  = {},
    publisher = {Cambridge University Press},
    year      = {1996},
    address   = {UK},
    pages     = {},
    isbn      = {978-0-521-67053-1},
    edition   = {},
}

@Book{weinberg_vol2,
    author    = {Weinberg,  Steven },
    title     = {The Quantum Theory of Fields (Vol. II)},
    subtitle  = {},
    publisher = {Cambridge University Press},
    year      = {1997},
    address   = {UK},
    pages     = {},
    isbn      = {978-0-521-67054-8},
    edition   = {},
}

@Book{weinberg_vol3,
    author    = {Weinberg,  Steven },
    title     = {The Quantum Theory of Fields (Vol. III)},
    subtitle  = {},
    publisher = {Cambridge University Press},
    year      = {1999},
    address   = {UK},
    pages     = {},
    isbn      = {978-0-521-67055-5},
    edition   = {},
}

@Book{weinberg_grav-1972,
    author    = {Weinberg,  Steven },
    title     = {Gravitation And Cosmology},
    subtitle  = {},
    publisher = {Wiley},
    year      = {1972},
    address   = {US},
    pages     = {},
    isbn      = {978-0-471-92567-5},
    edition   = {},
}


@Book{weinberg_cos-2008,
    author    = {Weinberg,  Steven },
    title     = {Cosmology},
    subtitle  = {},
    publisher = {Oxford University Press},
    year      = {2008},
    address   = {UK},
    pages     = {},
    isbn      = {978-0-198-52682-7},
    edition   = {},
}

@Book{weinberg_qm-2015,
    author    = {Weinberg,  Steven },
    title     = {Lectures on Quantum Mechanics},
    subtitle  = {},
    publisher = {Cambridge University Press},
    year      = {2015},
    address   = {UK},
    pages     = {},
    isbn      = {978-1-107-11166-0},
    edition   = {2},
}


@Book{weinberg_ew-2015,
    author    = {Weinberg,  Steven },
    title     = {To Explain the World},
    subtitle  = {The Discovery of Modern Science},
    publisher = {Harper},
    year      = {2015},
    address   = {US},
    pages     = {},
    isbn      = {978-0-062-34665-0},
    edition   = {},
}


@Book{westenholz-1978,
    author    = {von Westenholz,   Cornelius  },
    title     = {Differential Forms in Mathematical Physics},
    subtitle  = {},
    publisher = {Elsevier Science },
    year      = {1978},
    address   = {US},
    pages     = {},
    isbn      = {978-0-444-85437-7},
    edition   = {},
}


@Book{will_tegp-2018,
    author    = {Will, Clifford Martin },
    title     = {Theory and Experiment in Gravitational Physics},
    subtitle  = {},
    publisher = {Cambridge University Press},
    year      = {2018},
    address   = {UK},
    pages     = {},
    doi       = {10.1017/978-1316338612},
    isbn      = {978-1-107-11744-0},
    edition   = {2},
}


@Book{wolf_SCC-2011,
    author    = {Wolf, Joseph Albert },
    title     = {Spaces of Constant Curvature},
    subtitle  = {},
    publisher = {AMS Chelsea Publishing},
    year      = {2011},
    address   = {US},
    pages     = {},
    doi       = {},
    isbn      = {978-0-8218-5282-8},
    edition   = {6},
}


@Book{wucs_gaocy2019,
    author    = {吴崇试 and 高春媛},
    title     = {数学物理方法},
    publisher = {北京大学出版社},
    year      = {2019},
    address   = {北京},
    pages     = {},
    isbn      = {978-7-301-30280-4},
    edition   = {3},
}

@Book{wuwangyi-2021,
    author    = {吴望一},
    title     = {流体力学},
    publisher = {北京大学出版社},
    year      = {2021},
    address   = {北京},
    pages     = {},
    isbn      = {978-7-301-31057-1},
    edition   = {2},
}


@Book{wuchen2020xj,
    author    = {伍鸿熙 and 陈维桓},
    title     = {黎曼几何选讲},
    publisher = {高等教育出版社},
    year      = {2020},
    address   = {北京},
    pages     = {},
    isbn      = {978-7-040-54884-6},
    edition   = {},
}


@Book{wuhx2014cb,
    author    = {伍鸿熙 and 沈纯理 and 虞言林},
    title     = {黎曼几何初步},
    publisher = {高等教育出版社},
    year      = {2014},
    address   = {北京},
    pages     = {},
    isbn      = {978-7-040-40458-6},
    edition   = {},
}


@Book{Wybourne-1974,
    author    = {Wybourne, Brian G. },
    title     = {Classical Groups for Physicists},
    publisher = {John Wiley & Sons Inc},
    year      = {1974},
    address   = {US},
    pages     = {},
    isbn      = {0471965057},
    edition   = {},
}


@Book{xiang-hou-meng-2014,
    author    = {项武义 and 侯自新 and 孟道骥},
    title     = {李群讲义},
    publisher = {高等教育出版社},
    year      = {2014},
    address   = {北京},
    pages     = {},
    isbn      = {978-7-040-39503-7},
    edition   = {},
}

@Book{xuyc-2001,
    author    = {许以超},
    title     = {李群和Hermite对称空间},
    publisher = {科学出版社},
    year      = {2001},
    address   = {北京},
    pages     = {},
    isbn      = {978-7-030-08624-2},
    edition   = {},
}

@Book{xu-wu-1999,
    author    = {须重明 and 吴雪君},
    title     = {广义相对论与现代宇宙学},
    publisher = {南京师范大学出版社},
    year      = {1999},
    address   = {南京},
    pages     = {},
    isbn      = {978-7-810-47386-6},
    edition   = {},
}


@article{York-1972,
    author = {York, James W.},
    title = {Role of Conformal Three-Geometry in the Dynamics of Gravitation},
    journal = {Phys. Rev. Lett.},
    volume = {28},
    issue = {16},
    pages = {1082--1085},
    numpages = {0},
    year = {1972},
    month = {4},
    publisher = {American Physical Society},
    doi = {10.1103/PhysRevLett.28.1082},
}


@Book{zangwill2012,
    author    = {Zangwill,Andrew},
    title     = {Modern Electrodynamics},
    publisher = {Cambridge University Press},
    year      = {2012},
    address   = {UK},
    pages     = {},
    isbn      = {978-0-521-89697-9},
    edition   = {},
}


@Book{zhangyz-2023,
    author    = {张元仲},
    title     = {狭义相对论实验基础},
    publisher = {科学出版社},
    year      = {2023},
    address   = {北京},
    pages     = {},
    isbn      = {9787030762610},
    edition   = {2},
}



@Book{zhao2004-optics,
    author    = {赵凯华},
    title     = {新概念光学教程},
    publisher = {高等教育出版社},
    year      = {2004},
    address   = {北京},
    pages     = {},
    isbn      = {978-7-040-15562-4},
    edition   = {},
}


@Book{zhuzx-zy-vI,
    author    = {朱照宣 and 周起钊 and 殷金生},
    title     = {理论力学（上册）},
    publisher = {北京大学出版社},
    year      = {1982},
    address   = {北京},
    pages     = {},
    isbn      = {978-7-301-00196-7},
    edition   = {},
}

@Book{zhuzx-zy-vII,
    author    = {朱照宣 and 周起钊 and 殷金生},
    title     = {理论力学（下册）},
    publisher = {北京大学出版社},
    year      = {1983},
    address   = {北京},
    pages     = {},
    isbn      = {978-7-301-00197-4},
    edition   = {},
}


















%% 为了在 LaTeX 中使用BibTeX 数据库, 你必须先做下面三件事情:
%% 1) 设置参考文献的类型 (bibliography style). 标准的为 plain:
%% bibliographystyle{plain} %%这行命令不能少，不然会出错：I found no bibstyle command---while reading file XX.aux
%% 将上面的命令放在 LaTeX 文档的 begin{document}后边. 其它的类型包括
%% unsrt – 基本上跟 plain 类型一样, 除了参考文献的条目的编号是按照引用的顺序, 而不是按照作者的字母顺序.
%% plain，按字母的顺序排列，比较次序为作者、年度和标题.
%% alpha，用作者名首字母+年份后两位作标号，以字母顺序排序.
%% abbrv，类似plain，将月份全拼改为缩写，更显紧凑.
%% ieeetr，国际电气电子工程师协会期刊样式.
%% acm，美国计算机学会期刊样式.
%% siam，美国工业和应用数学学会期刊样式.
%% apalike，美国心理学学会期刊样式.
%%
%% 2) 标记引用 (Make citations). 当你在文档中想使用引用时, 插入 LaTeX 命令
%% cite{引用文章名称} "引用文章名称" 就是前边定义article后面的名称.
%% 3) 告诉 LaTeX 生成参考文献列表 . 在 LaTeX 的结束前输入
%% bibliography{bibfile} 这里bibfile 就是你的 BibTeX 数据库文件 bibfile.bib
%%{ %%改字体大小
%% \tiny, \scriptsize, \footnotesize, \small, \normalsize, \large, \Large, \LARGE, \huge, \Huge
%%
%%\addbibresource{mybib.bib} %在导言区
%%}
%%
%% 第一行article 告诉 BibTeX 这是一个文章类型的参考文献. 还有其它格式
%% 例如 article, book, booklet, conference, inbook, incollection, inproceedings 等等.
%% article 期刊杂志的论文
%%必要域: author, title, journal, year.
%%可选域: volume, number, pages, month, note.

%%book 公开出版的图书
%%必要域: author/editor, title, publisher, year.
%%可选域: volume/number, series, address, edition, month, note.

%%booklet无出版商或作者的图书
%%必要域: title.
%%可选域: author, howpublished, address, month, year, note.

%%conference 等价于 inproceedings
%%必要域: author, title, booktitle, year.
%%可选域: editor, volume/number, series, pages, address, month, organization, publisher, note.

%%inbook 书籍的一部分章节
%%必要域: author/editor, title, chapter and/or pages, publisher, year.
%%可选域: volume/number, series, type, address, edition, month, note.

%%incollection 书籍中带独立标题的章节
%%必要域: author, title, booktitle, publisher, year.
%%可选域: editor, volume/number, series, type, chapter, pages, address, edition, month, note.

%%inproceedings 会议论文集中的一篇
%%必要域: author, title, booktitle, year.
%%可选域: editor, volume/number, series, pages, address, month, organization, publisher, note.

%%manual 技术文档
%%必要域: title.
%%可选域: author, organization, address, edition, month, year, note.

%%mastersthesis 硕士论文
%%必要域: author, title, school, year.
%%可选域: type, address, month, note.

%%misc 其他
%%必要域: none
%%可选域: author, title, howpublished, month, year, note.

%%phdthesis 博士论文
%%必要域: author, title, year, school.
%%可选域: address, month, keywords, note.

%%proceedings 会议论文集
%%必要域: title, year.
%%可选域: editor, volume/number, series, address, month, organization, publisher, note.

%%techreport 教育，商业机构的技术报告
%%必要域: author, title, institution, year.
%%可选域: type, number, address, month, note.

%%unpublished 未出版的论文，图书
%%必要域: author, title, note.
%%可选域: month, year.


%% 内部的关键字如下
%%address: Publisher's address (usually just the city, but can be the full address for lesser-known publishers)
%%annote: An annotation for annotated bibliography styles (not typical)
%%author: The name(s) of the author(s) (in the case of more than one author, separated by and)
%%booktitle: The title of the book, if only part of it is being cited
%%chapter: The chapter number
%%crossref: The key of the cross-referenced entry
%%edition: The edition of a book, long form (such as "First" or "Second")
%%editor: The name(s) of the editor(s)
%%howpulished: How it was published, if the publishing method is nonstandard
%%institution: The institution that was involved in the publishing, but not necessarily the publisher
%%journal: The journal or magazine the work was published in
%%key: A hidden field used for specifying or overriding the alphabetical order of entries (when the "author" and "editor" fields are missing). Note that this is very different from the key (mentioned just after this list) that is used to cite or cross-reference the entry.
%%month: The month of publication (or, if unpublished, the month of creation)
%%note: Miscellaneous extra information
%%number: The "(issue) number" of a journal, magazine, or tech-report, if applicable. (Most publications have a "volume", but no "number" field.)
%%organization: The conference sponsor
%%pages: Page numbers, separated either by commas or double-hyphens.
%%publisher: The publisher's name
%%school: The school where the thesis was written
%%series: The series of books the book was published in (e.g. "The Hardy Boys" or "Lecture Notes in Computer Science")
%%title: The title of the work
%%type: The field overriding the default type of publication (e.g. "Research Note" for techreport, "{PhD} dissertation" for phdthesis, "Section" for inbook/incollection)
%%volume: The volume of a journal or multi-volume book
%%year: The year of publication (or, if unpublished, the year of creation)
